<?xml version="1.0" encoding="UTF-8"?><collection xmlns="http://www.loc.gov/MARC21/slim"><record><leader>00623nam--2200193-u-4500</leader><controlfield tag="001">000053169</controlfield><controlfield tag="002">20161230</controlfield><controlfield tag="005">20161230201051</controlfield><controlfield tag="008">110110s1000------------r-----000-0-rum-d</controlfield><datafield ind1=" " ind2=" " tag="040"><subfield code="a">IFIN-HH</subfield></datafield><datafield ind1=" " ind2=" " tag="041"><subfield code="a">rum</subfield></datafield><datafield ind1=" " ind2=" " tag="080"><subfield code="a">504.42:539.163(043)</subfield></datafield><datafield ind1="1" ind2=" " tag="100"><subfield code="a">Patrascu, Vasile</subfield></datafield><datafield ind1="1" ind2="0" tag="245"><subfield code="a">Contributii la cunoasterea distributiei radioactivitatii componentelor marine si la evaluarea unor consecinte radioecologice</subfield><subfield code="b">Teza</subfield><subfield code="c">Vasile patrascu</subfield></datafield><datafield ind1=" " ind2=" " tag="260"><subfield code="a">Bucuresti</subfield><subfield code="b">Ifa</subfield><subfield code="c">1999</subfield></datafield><datafield ind1=" " ind2=" " tag="300"><subfield code="a">353P</subfield></datafield><datafield ind1=" " ind2=" " tag="502"><subfield code="a">Conducator Stiintific: Cpi, Dr. Leon Henric Grigorescu</subfield></datafield><datafield ind1=" " ind2=" " tag="852"><subfield code="a">81007</subfield><subfield code="c">539.16</subfield></datafield><datafield ind1=" " ind2=" " tag="CAT"><subfield code="a">Sys</subfield><subfield code="c">20110110</subfield><subfield code="h">155718</subfield></datafield></record></collection>